@article{Badia2022,
title = {Geometrical discretisations for unfitted finite elements on explicit boundary representations},
journal = {Journal of Computational Physics},
volume = {460},
pages = {111162},
year = {2022},
issn = {0021-9991},
doi = {https://doi.org/10.1016/j.jcp.2022.111162},
url = {https://www.sciencedirect.com/science/article/pii/S0021999122002248},
author = {Santiago Badia and Pere A. Martorell and Francesc Verdugo},
}
